%YAML 1.1
%TAG !u! tag:unity3d.com,2011:
--- !u!1 &4339752880869630362
GameObject:
  m_ObjectHideFlags: 0
  m_CorrespondingSourceObject: {fileID: 0}
  m_PrefabInstance: {fileID: 0}
  m_PrefabAsset: {fileID: 0}
  serializedVersion: 6
  m_Component:
  - component: {fileID: 4339752880869630363}
  m_Layer: 0
  m_Name: Level3
  m_TagString: Untagged
  m_Icon: {fileID: 0}
  m_NavMeshLayer: 0
  m_StaticEditorFlags: 0
  m_IsActive: 1
--- !u!4 &4339752880869630363
Transform:
  m_ObjectHideFlags: 0
  m_CorrespondingSourceObject: {fileID: 0}
  m_PrefabInstance: {fileID: 0}
  m_PrefabAsset: {fileID: 0}
  m_GameObject: {fileID: 4339752880869630362}
  m_LocalRotation: {x: 0, y: 0, z: 0, w: 1}
  m_LocalPosition: {x: 0, y: 0, z: 0}
  m_LocalScale: {x: 1, y: 1, z: 1}
  m_Children:
  - {fileID: 4339752882592559532}
  - {fileID: 1995656661125471204}
  - {fileID: 7675819299137741678}
  - {fileID: 4758253105794323365}
  - {fileID: 7289172989951211753}
  - {fileID: 6407938090906365908}
  - {fileID: 2664337834017998708}
  - {fileID: 5475095559827421011}
  - {fileID: 4402475602792216116}
  - {fileID: 6624972238920466505}
  - {fileID: 1541527912328090337}
  - {fileID: 8526910217543916798}
  - {fileID: 7682032592621407796}
  - {fileID: 5239801034135314670}
  - {fileID: 2722831021194995154}
  - {fileID: 4502245251158663439}
  - {fileID: 9183337867248003117}
  m_Father: {fileID: 0}
  m_RootOrder: 0
  m_LocalEulerAnglesHint: {x: 0, y: 0, z: 0}
--- !u!1001 &106968626734609850
PrefabInstance:
  m_ObjectHideFlags: 0
  serializedVersion: 2
  m_Modification:
    m_TransformParent: {fileID: 4339752880869630363}
    m_Modifications:
    - target: {fileID: 5317489063718851924, guid: ab9eb13f26996e449b08b0cc99971ee3,
        type: 3}
      propertyPath: m_LocalPosition.x
      value: 2
      objectReference: {fileID: 0}
    - target: {fileID: 5317489063718851924, guid: ab9eb13f26996e449b08b0cc99971ee3,
        type: 3}
      propertyPath: m_LocalPosition.y
      value: 1.32
      objectReference: {fileID: 0}
    - target: {fileID: 5317489063718851924, guid: ab9eb13f26996e449b08b0cc99971ee3,
        type: 3}
      propertyPath: m_LocalPosition.z
      value: -2
      objectReference: {fileID: 0}
    - target: {fileID: 5317489063718851924, guid: ab9eb13f26996e449b08b0cc99971ee3,
        type: 3}
      propertyPath: m_LocalRotation.x
      value: -0.4568029
      objectReference: {fileID: 0}
    - target: {fileID: 5317489063718851924, guid: ab9eb13f26996e449b08b0cc99971ee3,
        type: 3}
      propertyPath: m_LocalRotation.y
      value: -0
      objectReference: {fileID: 0}
    - target: {fileID: 5317489063718851924, guid: ab9eb13f26996e449b08b0cc99971ee3,
        type: 3}
      propertyPath: m_LocalRotation.z
      value: -0
      objectReference: {fileID: 0}
    - target: {fileID: 5317489063718851924, guid: ab9eb13f26996e449b08b0cc99971ee3,
        type: 3}
      propertyPath: m_LocalRotation.w
      value: 0.889568
      objectReference: {fileID: 0}
    - target: {fileID: 5317489063718851924, guid: ab9eb13f26996e449b08b0cc99971ee3,
        type: 3}
      propertyPath: m_RootOrder
      value: 13
      objectReference: {fileID: 0}
    - target: {fileID: 5317489063718851924, guid: ab9eb13f26996e449b08b0cc99971ee3,
        type: 3}
      propertyPath: m_LocalEulerAnglesHint.x
      value: -54.362003
      objectReference: {fileID: 0}
    - target: {fileID: 5317489063718851924, guid: ab9eb13f26996e449b08b0cc99971ee3,
        type: 3}
      propertyPath: m_LocalEulerAnglesHint.y
      value: 0
      objectReference: {fileID: 0}
    - target: {fileID: 5317489063718851924, guid: ab9eb13f26996e449b08b0cc99971ee3,
        type: 3}
      propertyPath: m_LocalEulerAnglesHint.z
      value: 0
      objectReference: {fileID: 0}
    - target: {fileID: 5317489063718851935, guid: ab9eb13f26996e449b08b0cc99971ee3,
        type: 3}
      propertyPath: m_Name
      value: Cube (15)
      objectReference: {fileID: 0}
    m_RemovedComponents: []
  m_SourcePrefab: {fileID: 100100000, guid: ab9eb13f26996e449b08b0cc99971ee3, type: 3}
--- !u!4 &5239801034135314670 stripped
Transform:
  m_CorrespondingSourceObject: {fileID: 5317489063718851924, guid: ab9eb13f26996e449b08b0cc99971ee3,
    type: 3}
  m_PrefabInstance: {fileID: 106968626734609850}
  m_PrefabAsset: {fileID: 0}
--- !u!1001 &157896767753970183
PrefabInstance:
  m_ObjectHideFlags: 0
  serializedVersion: 2
  m_Modification:
    m_TransformParent: {fileID: 4339752880869630363}
    m_Modifications:
    - target: {fileID: 5317489063718851924, guid: ab9eb13f26996e449b08b0cc99971ee3,
        type: 3}
      propertyPath: m_LocalPosition.x
      value: 1
      objectReference: {fileID: 0}
    - target: {fileID: 5317489063718851924, guid: ab9eb13f26996e449b08b0cc99971ee3,
        type: 3}
      propertyPath: m_LocalPosition.y
      value: 1.32
      objectReference: {fileID: 0}
    - target: {fileID: 5317489063718851924, guid: ab9eb13f26996e449b08b0cc99971ee3,
        type: 3}
      propertyPath: m_LocalPosition.z
      value: -2
      objectReference: {fileID: 0}
    - target: {fileID: 5317489063718851924, guid: ab9eb13f26996e449b08b0cc99971ee3,
        type: 3}
      propertyPath: m_LocalRotation.x
      value: -0.4568029
      objectReference: {fileID: 0}
    - target: {fileID: 5317489063718851924, guid: ab9eb13f26996e449b08b0cc99971ee3,
        type: 3}
      propertyPath: m_LocalRotation.y
      value: -0
      objectReference: {fileID: 0}
    - target: {fileID: 5317489063718851924, guid: ab9eb13f26996e449b08b0cc99971ee3,
        type: 3}
      propertyPath: m_LocalRotation.z
      value: -0
      objectReference: {fileID: 0}
    - target: {fileID: 5317489063718851924, guid: ab9eb13f26996e449b08b0cc99971ee3,
        type: 3}
      propertyPath: m_LocalRotation.w
      value: 0.889568
      objectReference: {fileID: 0}
    - target: {fileID: 5317489063718851924, guid: ab9eb13f26996e449b08b0cc99971ee3,
        type: 3}
      propertyPath: m_RootOrder
      value: 7
      objectReference: {fileID: 0}
    - target: {fileID: 5317489063718851924, guid: ab9eb13f26996e449b08b0cc99971ee3,
        type: 3}
      propertyPath: m_LocalEulerAnglesHint.x
      value: -54.362003
      objectReference: {fileID: 0}
    - target: {fileID: 5317489063718851924, guid: ab9eb13f26996e449b08b0cc99971ee3,
        type: 3}
      propertyPath: m_LocalEulerAnglesHint.y
      value: 0
      objectReference: {fileID: 0}
    - target: {fileID: 5317489063718851924, guid: ab9eb13f26996e449b08b0cc99971ee3,
        type: 3}
      propertyPath: m_LocalEulerAnglesHint.z
      value: 0
      objectReference: {fileID: 0}
    - target: {fileID: 5317489063718851935, guid: ab9eb13f26996e449b08b0cc99971ee3,
        type: 3}
      propertyPath: m_Name
      value: Cube (9)
      objectReference: {fileID: 0}
    m_RemovedComponents: []
  m_SourcePrefab: {fileID: 100100000, guid: ab9eb13f26996e449b08b0cc99971ee3, type: 3}
--- !u!4 &5475095559827421011 stripped
Transform:
  m_CorrespondingSourceObject: {fileID: 5317489063718851924, guid: ab9eb13f26996e449b08b0cc99971ee3,
    type: 3}
  m_PrefabInstance: {fileID: 157896767753970183}
  m_PrefabAsset: {fileID: 0}
--- !u!1001 &847575976269940465
PrefabInstance:
  m_ObjectHideFlags: 0
  serializedVersion: 2
  m_Modification:
    m_TransformParent: {fileID: 4339752880869630363}
    m_Modifications:
    - target: {fileID: 5317489063718851924, guid: ab9eb13f26996e449b08b0cc99971ee3,
        type: 3}
      propertyPath: m_LocalPosition.x
      value: 1
      objectReference: {fileID: 0}
    - target: {fileID: 5317489063718851924, guid: ab9eb13f26996e449b08b0cc99971ee3,
        type: 3}
      propertyPath: m_LocalPosition.y
      value: 1.32
      objectReference: {fileID: 0}
    - target: {fileID: 5317489063718851924, guid: ab9eb13f26996e449b08b0cc99971ee3,
        type: 3}
      propertyPath: m_LocalPosition.z
      value: 1
      objectReference: {fileID: 0}
    - target: {fileID: 5317489063718851924, guid: ab9eb13f26996e449b08b0cc99971ee3,
        type: 3}
      propertyPath: m_LocalRotation.x
      value: -0.4568029
      objectReference: {fileID: 0}
    - target: {fileID: 5317489063718851924, guid: ab9eb13f26996e449b08b0cc99971ee3,
        type: 3}
      propertyPath: m_LocalRotation.y
      value: -0
      objectReference: {fileID: 0}
    - target: {fileID: 5317489063718851924, guid: ab9eb13f26996e449b08b0cc99971ee3,
        type: 3}
      propertyPath: m_LocalRotation.z
      value: -0
      objectReference: {fileID: 0}
    - target: {fileID: 5317489063718851924, guid: ab9eb13f26996e449b08b0cc99971ee3,
        type: 3}
      propertyPath: m_LocalRotation.w
      value: 0.889568
      objectReference: {fileID: 0}
    - target: {fileID: 5317489063718851924, guid: ab9eb13f26996e449b08b0cc99971ee3,
        type: 3}
      propertyPath: m_RootOrder
      value: 3
      objectReference: {fileID: 0}
    - target: {fileID: 5317489063718851924, guid: ab9eb13f26996e449b08b0cc99971ee3,
        type: 3}
      propertyPath: m_LocalEulerAnglesHint.x
      value: -54.362003
      objectReference: {fileID: 0}
    - target: {fileID: 5317489063718851924, guid: ab9eb13f26996e449b08b0cc99971ee3,
        type: 3}
      propertyPath: m_LocalEulerAnglesHint.y
      value: 0
      objectReference: {fileID: 0}
    - target: {fileID: 5317489063718851924, guid: ab9eb13f26996e449b08b0cc99971ee3,
        type: 3}
      propertyPath: m_LocalEulerAnglesHint.z
      value: 0
      objectReference: {fileID: 0}
    - target: {fileID: 5317489063718851935, guid: ab9eb13f26996e449b08b0cc99971ee3,
        type: 3}
      propertyPath: m_Name
      value: Cube (4)
      objectReference: {fileID: 0}
    m_RemovedComponents: []
  m_SourcePrefab: {fileID: 100100000, guid: ab9eb13f26996e449b08b0cc99971ee3, type: 3}
--- !u!4 &4758253105794323365 stripped
Transform:
  m_CorrespondingSourceObject: {fileID: 5317489063718851924, guid: ab9eb13f26996e449b08b0cc99971ee3,
    type: 3}
  m_PrefabInstance: {fileID: 847575976269940465}
  m_PrefabAsset: {fileID: 0}
--- !u!1001 &1235698922028513920
PrefabInstance:
  m_ObjectHideFlags: 0
  serializedVersion: 2
  m_Modification:
    m_TransformParent: {fileID: 4339752880869630363}
    m_Modifications:
    - target: {fileID: 5317489063718851924, guid: ab9eb13f26996e449b08b0cc99971ee3,
        type: 3}
      propertyPath: m_LocalPosition.x
      value: -1
      objectReference: {fileID: 0}
    - target: {fileID: 5317489063718851924, guid: ab9eb13f26996e449b08b0cc99971ee3,
        type: 3}
      propertyPath: m_LocalPosition.y
      value: 1.32
      objectReference: {fileID: 0}
    - target: {fileID: 5317489063718851924, guid: ab9eb13f26996e449b08b0cc99971ee3,
        type: 3}
      propertyPath: m_LocalPosition.z
      value: 1
      objectReference: {fileID: 0}
    - target: {fileID: 5317489063718851924, guid: ab9eb13f26996e449b08b0cc99971ee3,
        type: 3}
      propertyPath: m_LocalRotation.x
      value: -0.4568029
      objectReference: {fileID: 0}
    - target: {fileID: 5317489063718851924, guid: ab9eb13f26996e449b08b0cc99971ee3,
        type: 3}
      propertyPath: m_LocalRotation.y
      value: -0
      objectReference: {fileID: 0}
    - target: {fileID: 5317489063718851924, guid: ab9eb13f26996e449b08b0cc99971ee3,
        type: 3}
      propertyPath: m_LocalRotation.z
      value: -0
      objectReference: {fileID: 0}
    - target: {fileID: 5317489063718851924, guid: ab9eb13f26996e449b08b0cc99971ee3,
        type: 3}
      propertyPath: m_LocalRotation.w
      value: 0.889568
      objectReference: {fileID: 0}
    - target: {fileID: 5317489063718851924, guid: ab9eb13f26996e449b08b0cc99971ee3,
        type: 3}
      propertyPath: m_RootOrder
      value: 5
      objectReference: {fileID: 0}
    - target: {fileID: 5317489063718851924, guid: ab9eb13f26996e449b08b0cc99971ee3,
        type: 3}
      propertyPath: m_LocalEulerAnglesHint.x
      value: -54.362003
      objectReference: {fileID: 0}
    - target: {fileID: 5317489063718851924, guid: ab9eb13f26996e449b08b0cc99971ee3,
        type: 3}
      propertyPath: m_LocalEulerAnglesHint.y
      value: 0
      objectReference: {fileID: 0}
    - target: {fileID: 5317489063718851924, guid: ab9eb13f26996e449b08b0cc99971ee3,
        type: 3}
      propertyPath: m_LocalEulerAnglesHint.z
      value: 0
      objectReference: {fileID: 0}
    - target: {fileID: 5317489063718851935, guid: ab9eb13f26996e449b08b0cc99971ee3,
        type: 3}
      propertyPath: m_Name
      value: Cube (6)
      objectReference: {fileID: 0}
    m_RemovedComponents: []
  m_SourcePrefab: {fileID: 100100000, guid: ab9eb13f26996e449b08b0cc99971ee3, type: 3}
--- !u!4 &6407938090906365908 stripped
Transform:
  m_CorrespondingSourceObject: {fileID: 5317489063718851924, guid: ab9eb13f26996e449b08b0cc99971ee3,
    type: 3}
  m_PrefabInstance: {fileID: 1235698922028513920}
  m_PrefabAsset: {fileID: 0}
--- !u!1001 &1313684431530186013
PrefabInstance:
  m_ObjectHideFlags: 0
  serializedVersion: 2
  m_Modification:
    m_TransformParent: {fileID: 4339752880869630363}
    m_Modifications:
    - target: {fileID: 5317489063718851924, guid: ab9eb13f26996e449b08b0cc99971ee3,
        type: 3}
      propertyPath: m_LocalPosition.x
      value: 0
      objectReference: {fileID: 0}
    - target: {fileID: 5317489063718851924, guid: ab9eb13f26996e449b08b0cc99971ee3,
        type: 3}
      propertyPath: m_LocalPosition.y
      value: 1.32
      objectReference: {fileID: 0}
    - target: {fileID: 5317489063718851924, guid: ab9eb13f26996e449b08b0cc99971ee3,
        type: 3}
      propertyPath: m_LocalPosition.z
      value: -2
      objectReference: {fileID: 0}
    - target: {fileID: 5317489063718851924, guid: ab9eb13f26996e449b08b0cc99971ee3,
        type: 3}
      propertyPath: m_LocalRotation.x
      value: -0.4568029
      objectReference: {fileID: 0}
    - target: {fileID: 5317489063718851924, guid: ab9eb13f26996e449b08b0cc99971ee3,
        type: 3}
      propertyPath: m_LocalRotation.y
      value: -0
      objectReference: {fileID: 0}
    - target: {fileID: 5317489063718851924, guid: ab9eb13f26996e449b08b0cc99971ee3,
        type: 3}
      propertyPath: m_LocalRotation.z
      value: -0
      objectReference: {fileID: 0}
    - target: {fileID: 5317489063718851924, guid: ab9eb13f26996e449b08b0cc99971ee3,
        type: 3}
      propertyPath: m_LocalRotation.w
      value: 0.889568
      objectReference: {fileID: 0}
    - target: {fileID: 5317489063718851924, guid: ab9eb13f26996e449b08b0cc99971ee3,
        type: 3}
      propertyPath: m_RootOrder
      value: 9
      objectReference: {fileID: 0}
    - target: {fileID: 5317489063718851924, guid: ab9eb13f26996e449b08b0cc99971ee3,
        type: 3}
      propertyPath: m_LocalEulerAnglesHint.x
      value: -54.362003
      objectReference: {fileID: 0}
    - target: {fileID: 5317489063718851924, guid: ab9eb13f26996e449b08b0cc99971ee3,
        type: 3}
      propertyPath: m_LocalEulerAnglesHint.y
      value: 0
      objectReference: {fileID: 0}
    - target: {fileID: 5317489063718851924, guid: ab9eb13f26996e449b08b0cc99971ee3,
        type: 3}
      propertyPath: m_LocalEulerAnglesHint.z
      value: 0
      objectReference: {fileID: 0}
    - target: {fileID: 5317489063718851935, guid: ab9eb13f26996e449b08b0cc99971ee3,
        type: 3}
      propertyPath: m_Name
      value: Cube (11)
      objectReference: {fileID: 0}
    m_RemovedComponents: []
  m_SourcePrefab: {fileID: 100100000, guid: ab9eb13f26996e449b08b0cc99971ee3, type: 3}
--- !u!4 &6624972238920466505 stripped
Transform:
  m_CorrespondingSourceObject: {fileID: 5317489063718851924, guid: ab9eb13f26996e449b08b0cc99971ee3,
    type: 3}
  m_PrefabInstance: {fileID: 1313684431530186013}
  m_PrefabAsset: {fileID: 0}
--- !u!1001 &2544103720141846074
PrefabInstance:
  m_ObjectHideFlags: 0
  serializedVersion: 2
  m_Modification:
    m_TransformParent: {fileID: 4339752880869630363}
    m_Modifications:
    - target: {fileID: 5317489063718851924, guid: ab9eb13f26996e449b08b0cc99971ee3,
        type: 3}
      propertyPath: m_LocalPosition.x
      value: 1
      objectReference: {fileID: 0}
    - target: {fileID: 5317489063718851924, guid: ab9eb13f26996e449b08b0cc99971ee3,
        type: 3}
      propertyPath: m_LocalPosition.y
      value: 1.32
      objectReference: {fileID: 0}
    - target: {fileID: 5317489063718851924, guid: ab9eb13f26996e449b08b0cc99971ee3,
        type: 3}
      propertyPath: m_LocalPosition.z
      value: 0
      objectReference: {fileID: 0}
    - target: {fileID: 5317489063718851924, guid: ab9eb13f26996e449b08b0cc99971ee3,
        type: 3}
      propertyPath: m_LocalRotation.x
      value: -0.4568029
      objectReference: {fileID: 0}
    - target: {fileID: 5317489063718851924, guid: ab9eb13f26996e449b08b0cc99971ee3,
        type: 3}
      propertyPath: m_LocalRotation.y
      value: -0
      objectReference: {fileID: 0}
    - target: {fileID: 5317489063718851924, guid: ab9eb13f26996e449b08b0cc99971ee3,
        type: 3}
      propertyPath: m_LocalRotation.z
      value: -0
      objectReference: {fileID: 0}
    - target: {fileID: 5317489063718851924, guid: ab9eb13f26996e449b08b0cc99971ee3,
        type: 3}
      propertyPath: m_LocalRotation.w
      value: 0.889568
      objectReference: {fileID: 0}
    - target: {fileID: 5317489063718851924, guid: ab9eb13f26996e449b08b0cc99971ee3,
        type: 3}
      propertyPath: m_RootOrder
      value: 2
      objectReference: {fileID: 0}
    - target: {fileID: 5317489063718851924, guid: ab9eb13f26996e449b08b0cc99971ee3,
        type: 3}
      propertyPath: m_LocalEulerAnglesHint.x
      value: -54.362003
      objectReference: {fileID: 0}
    - target: {fileID: 5317489063718851924, guid: ab9eb13f26996e449b08b0cc99971ee3,
        type: 3}
      propertyPath: m_LocalEulerAnglesHint.y
      value: 0
      objectReference: {fileID: 0}
    - target: {fileID: 5317489063718851924, guid: ab9eb13f26996e449b08b0cc99971ee3,
        type: 3}
      propertyPath: m_LocalEulerAnglesHint.z
      value: 0
      objectReference: {fileID: 0}
    - target: {fileID: 5317489063718851935, guid: ab9eb13f26996e449b08b0cc99971ee3,
        type: 3}
      propertyPath: m_Name
      value: Cube (2)
      objectReference: {fileID: 0}
    m_RemovedComponents: []
  m_SourcePrefab: {fileID: 100100000, guid: ab9eb13f26996e449b08b0cc99971ee3, type: 3}
--- !u!4 &7675819299137741678 stripped
Transform:
  m_CorrespondingSourceObject: {fileID: 5317489063718851924, guid: ab9eb13f26996e449b08b0cc99971ee3,
    type: 3}
  m_PrefabInstance: {fileID: 2544103720141846074}
  m_PrefabAsset: {fileID: 0}
--- !u!1001 &2546657841109834592
PrefabInstance:
  m_ObjectHideFlags: 0
  serializedVersion: 2
  m_Modification:
    m_TransformParent: {fileID: 4339752880869630363}
    m_Modifications:
    - target: {fileID: 5317489063718851924, guid: ab9eb13f26996e449b08b0cc99971ee3,
        type: 3}
      propertyPath: m_LocalPosition.x
      value: 2
      objectReference: {fileID: 0}
    - target: {fileID: 5317489063718851924, guid: ab9eb13f26996e449b08b0cc99971ee3,
        type: 3}
      propertyPath: m_LocalPosition.y
      value: 1.32
      objectReference: {fileID: 0}
    - target: {fileID: 5317489063718851924, guid: ab9eb13f26996e449b08b0cc99971ee3,
        type: 3}
      propertyPath: m_LocalPosition.z
      value: 1
      objectReference: {fileID: 0}
    - target: {fileID: 5317489063718851924, guid: ab9eb13f26996e449b08b0cc99971ee3,
        type: 3}
      propertyPath: m_LocalRotation.x
      value: -0.4568029
      objectReference: {fileID: 0}
    - target: {fileID: 5317489063718851924, guid: ab9eb13f26996e449b08b0cc99971ee3,
        type: 3}
      propertyPath: m_LocalRotation.y
      value: -0
      objectReference: {fileID: 0}
    - target: {fileID: 5317489063718851924, guid: ab9eb13f26996e449b08b0cc99971ee3,
        type: 3}
      propertyPath: m_LocalRotation.z
      value: -0
      objectReference: {fileID: 0}
    - target: {fileID: 5317489063718851924, guid: ab9eb13f26996e449b08b0cc99971ee3,
        type: 3}
      propertyPath: m_LocalRotation.w
      value: 0.889568
      objectReference: {fileID: 0}
    - target: {fileID: 5317489063718851924, guid: ab9eb13f26996e449b08b0cc99971ee3,
        type: 3}
      propertyPath: m_RootOrder
      value: 12
      objectReference: {fileID: 0}
    - target: {fileID: 5317489063718851924, guid: ab9eb13f26996e449b08b0cc99971ee3,
        type: 3}
      propertyPath: m_LocalEulerAnglesHint.x
      value: -54.362003
      objectReference: {fileID: 0}
    - target: {fileID: 5317489063718851924, guid: ab9eb13f26996e449b08b0cc99971ee3,
        type: 3}
      propertyPath: m_LocalEulerAnglesHint.y
      value: 0
      objectReference: {fileID: 0}
    - target: {fileID: 5317489063718851924, guid: ab9eb13f26996e449b08b0cc99971ee3,
        type: 3}
      propertyPath: m_LocalEulerAnglesHint.z
      value: 0
      objectReference: {fileID: 0}
    - target: {fileID: 5317489063718851935, guid: ab9eb13f26996e449b08b0cc99971ee3,
        type: 3}
      propertyPath: m_Name
      value: Cube (14)
      objectReference: {fileID: 0}
    m_RemovedComponents: []
  m_SourcePrefab: {fileID: 100100000, guid: ab9eb13f26996e449b08b0cc99971ee3, type: 3}
--- !u!4 &7682032592621407796 stripped
Transform:
  m_CorrespondingSourceObject: {fileID: 5317489063718851924, guid: ab9eb13f26996e449b08b0cc99971ee3,
    type: 3}
  m_PrefabInstance: {fileID: 2546657841109834592}
  m_PrefabAsset: {fileID: 0}
--- !u!1001 &3234670951536094653
PrefabInstance:
  m_ObjectHideFlags: 0
  serializedVersion: 2
  m_Modification:
    m_TransformParent: {fileID: 4339752880869630363}
    m_Modifications:
    - target: {fileID: 5317489063718851924, guid: ab9eb13f26996e449b08b0cc99971ee3,
        type: 3}
      propertyPath: m_LocalPosition.x
      value: 0
      objectReference: {fileID: 0}
    - target: {fileID: 5317489063718851924, guid: ab9eb13f26996e449b08b0cc99971ee3,
        type: 3}
      propertyPath: m_LocalPosition.y
      value: 1.32
      objectReference: {fileID: 0}
    - target: {fileID: 5317489063718851924, guid: ab9eb13f26996e449b08b0cc99971ee3,
        type: 3}
      propertyPath: m_LocalPosition.z
      value: 1
      objectReference: {fileID: 0}
    - target: {fileID: 5317489063718851924, guid: ab9eb13f26996e449b08b0cc99971ee3,
        type: 3}
      propertyPath: m_LocalRotation.x
      value: -0.4568029
      objectReference: {fileID: 0}
    - target: {fileID: 5317489063718851924, guid: ab9eb13f26996e449b08b0cc99971ee3,
        type: 3}
      propertyPath: m_LocalRotation.y
      value: -0
      objectReference: {fileID: 0}
    - target: {fileID: 5317489063718851924, guid: ab9eb13f26996e449b08b0cc99971ee3,
        type: 3}
      propertyPath: m_LocalRotation.z
      value: -0
      objectReference: {fileID: 0}
    - target: {fileID: 5317489063718851924, guid: ab9eb13f26996e449b08b0cc99971ee3,
        type: 3}
      propertyPath: m_LocalRotation.w
      value: 0.889568
      objectReference: {fileID: 0}
    - target: {fileID: 5317489063718851924, guid: ab9eb13f26996e449b08b0cc99971ee3,
        type: 3}
      propertyPath: m_RootOrder
      value: 4
      objectReference: {fileID: 0}
    - target: {fileID: 5317489063718851924, guid: ab9eb13f26996e449b08b0cc99971ee3,
        type: 3}
      propertyPath: m_LocalEulerAnglesHint.x
      value: -54.362003
      objectReference: {fileID: 0}
    - target: {fileID: 5317489063718851924, guid: ab9eb13f26996e449b08b0cc99971ee3,
        type: 3}
      propertyPath: m_LocalEulerAnglesHint.y
      value: 0
      objectReference: {fileID: 0}
    - target: {fileID: 5317489063718851924, guid: ab9eb13f26996e449b08b0cc99971ee3,
        type: 3}
      propertyPath: m_LocalEulerAnglesHint.z
      value: 0
      objectReference: {fileID: 0}
    - target: {fileID: 5317489063718851935, guid: ab9eb13f26996e449b08b0cc99971ee3,
        type: 3}
      propertyPath: m_Name
      value: Cube (5)
      objectReference: {fileID: 0}
    m_RemovedComponents: []
  m_SourcePrefab: {fileID: 100100000, guid: ab9eb13f26996e449b08b0cc99971ee3, type: 3}
--- !u!4 &7289172989951211753 stripped
Transform:
  m_CorrespondingSourceObject: {fileID: 5317489063718851924, guid: ab9eb13f26996e449b08b0cc99971ee3,
    type: 3}
  m_PrefabInstance: {fileID: 3234670951536094653}
  m_PrefabAsset: {fileID: 0}
--- !u!1001 &3943535908452138361
PrefabInstance:
  m_ObjectHideFlags: 0
  serializedVersion: 2
  m_Modification:
    m_TransformParent: {fileID: 4339752880869630363}
    m_Modifications:
    - target: {fileID: 5317489063718851924, guid: ab9eb13f26996e449b08b0cc99971ee3,
        type: 3}
      propertyPath: m_LocalPosition.x
      value: -0.5
      objectReference: {fileID: 0}
    - target: {fileID: 5317489063718851924, guid: ab9eb13f26996e449b08b0cc99971ee3,
        type: 3}
      propertyPath: m_LocalPosition.y
      value: 2.3200002
      objectReference: {fileID: 0}
    - target: {fileID: 5317489063718851924, guid: ab9eb13f26996e449b08b0cc99971ee3,
        type: 3}
      propertyPath: m_LocalPosition.z
      value: 0.59
      objectReference: {fileID: 0}
    - target: {fileID: 5317489063718851924, guid: ab9eb13f26996e449b08b0cc99971ee3,
        type: 3}
      propertyPath: m_LocalRotation.x
      value: -0.4568029
      objectReference: {fileID: 0}
    - target: {fileID: 5317489063718851924, guid: ab9eb13f26996e449b08b0cc99971ee3,
        type: 3}
      propertyPath: m_LocalRotation.y
      value: -0
      objectReference: {fileID: 0}
    - target: {fileID: 5317489063718851924, guid: ab9eb13f26996e449b08b0cc99971ee3,
        type: 3}
      propertyPath: m_LocalRotation.z
      value: -0
      objectReference: {fileID: 0}
    - target: {fileID: 5317489063718851924, guid: ab9eb13f26996e449b08b0cc99971ee3,
        type: 3}
      propertyPath: m_LocalRotation.w
      value: 0.889568
      objectReference: {fileID: 0}
    - target: {fileID: 5317489063718851924, guid: ab9eb13f26996e449b08b0cc99971ee3,
        type: 3}
      propertyPath: m_RootOrder
      value: 16
      objectReference: {fileID: 0}
    - target: {fileID: 5317489063718851924, guid: ab9eb13f26996e449b08b0cc99971ee3,
        type: 3}
      propertyPath: m_LocalEulerAnglesHint.x
      value: -54.362003
      objectReference: {fileID: 0}
    - target: {fileID: 5317489063718851924, guid: ab9eb13f26996e449b08b0cc99971ee3,
        type: 3}
      propertyPath: m_LocalEulerAnglesHint.y
      value: 0
      objectReference: {fileID: 0}
    - target: {fileID: 5317489063718851924, guid: ab9eb13f26996e449b08b0cc99971ee3,
        type: 3}
      propertyPath: m_LocalEulerAnglesHint.z
      value: 0
      objectReference: {fileID: 0}
    - target: {fileID: 5317489063718851935, guid: ab9eb13f26996e449b08b0cc99971ee3,
        type: 3}
      propertyPath: m_Name
      value: Cube (18)
      objectReference: {fileID: 0}
    m_RemovedComponents: []
  m_SourcePrefab: {fileID: 100100000, guid: ab9eb13f26996e449b08b0cc99971ee3, type: 3}
--- !u!4 &9183337867248003117 stripped
Transform:
  m_CorrespondingSourceObject: {fileID: 5317489063718851924, guid: ab9eb13f26996e449b08b0cc99971ee3,
    type: 3}
  m_PrefabInstance: {fileID: 3943535908452138361}
  m_PrefabAsset: {fileID: 0}
--- !u!1001 &4584153744885025194
PrefabInstance:
  m_ObjectHideFlags: 0
  serializedVersion: 2
  m_Modification:
    m_TransformParent: {fileID: 4339752880869630363}
    m_Modifications:
    - target: {fileID: 5317489063718851924, guid: ab9eb13f26996e449b08b0cc99971ee3,
        type: 3}
      propertyPath: m_LocalPosition.x
      value: 2
      objectReference: {fileID: 0}
    - target: {fileID: 5317489063718851924, guid: ab9eb13f26996e449b08b0cc99971ee3,
        type: 3}
      propertyPath: m_LocalPosition.y
      value: 1.32
      objectReference: {fileID: 0}
    - target: {fileID: 5317489063718851924, guid: ab9eb13f26996e449b08b0cc99971ee3,
        type: 3}
      propertyPath: m_LocalPosition.z
      value: -1
      objectReference: {fileID: 0}
    - target: {fileID: 5317489063718851924, guid: ab9eb13f26996e449b08b0cc99971ee3,
        type: 3}
      propertyPath: m_LocalRotation.x
      value: -0.4568029
      objectReference: {fileID: 0}
    - target: {fileID: 5317489063718851924, guid: ab9eb13f26996e449b08b0cc99971ee3,
        type: 3}
      propertyPath: m_LocalRotation.y
      value: -0
      objectReference: {fileID: 0}
    - target: {fileID: 5317489063718851924, guid: ab9eb13f26996e449b08b0cc99971ee3,
        type: 3}
      propertyPath: m_LocalRotation.z
      value: -0
      objectReference: {fileID: 0}
    - target: {fileID: 5317489063718851924, guid: ab9eb13f26996e449b08b0cc99971ee3,
        type: 3}
      propertyPath: m_LocalRotation.w
      value: 0.889568
      objectReference: {fileID: 0}
    - target: {fileID: 5317489063718851924, guid: ab9eb13f26996e449b08b0cc99971ee3,
        type: 3}
      propertyPath: m_RootOrder
      value: 11
      objectReference: {fileID: 0}
    - target: {fileID: 5317489063718851924, guid: ab9eb13f26996e449b08b0cc99971ee3,
        type: 3}
      propertyPath: m_LocalEulerAnglesHint.x
      value: -54.362003
      objectReference: {fileID: 0}
    - target: {fileID: 5317489063718851924, guid: ab9eb13f26996e449b08b0cc99971ee3,
        type: 3}
      propertyPath: m_LocalEulerAnglesHint.y
      value: 0
      objectReference: {fileID: 0}
    - target: {fileID: 5317489063718851924, guid: ab9eb13f26996e449b08b0cc99971ee3,
        type: 3}
      propertyPath: m_LocalEulerAnglesHint.z
      value: 0
      objectReference: {fileID: 0}
    - target: {fileID: 5317489063718851935, guid: ab9eb13f26996e449b08b0cc99971ee3,
        type: 3}
      propertyPath: m_Name
      value: Cube (13)
      objectReference: {fileID: 0}
    m_RemovedComponents: []
  m_SourcePrefab: {fileID: 100100000, guid: ab9eb13f26996e449b08b0cc99971ee3, type: 3}
--- !u!4 &8526910217543916798 stripped
Transform:
  m_CorrespondingSourceObject: {fileID: 5317489063718851924, guid: ab9eb13f26996e449b08b0cc99971ee3,
    type: 3}
  m_PrefabInstance: {fileID: 4584153744885025194}
  m_PrefabAsset: {fileID: 0}
--- !u!1001 &5943197940074548912
PrefabInstance:
  m_ObjectHideFlags: 0
  serializedVersion: 2
  m_Modification:
    m_TransformParent: {fileID: 4339752880869630363}
    m_Modifications:
    - target: {fileID: 5317489063718851924, guid: ab9eb13f26996e449b08b0cc99971ee3,
        type: 3}
      propertyPath: m_LocalPosition.x
      value: -1
      objectReference: {fileID: 0}
    - target: {fileID: 5317489063718851924, guid: ab9eb13f26996e449b08b0cc99971ee3,
        type: 3}
      propertyPath: m_LocalPosition.y
      value: 1.32
      objectReference: {fileID: 0}
    - target: {fileID: 5317489063718851924, guid: ab9eb13f26996e449b08b0cc99971ee3,
        type: 3}
      propertyPath: m_LocalPosition.z
      value: 0
      objectReference: {fileID: 0}
    - target: {fileID: 5317489063718851924, guid: ab9eb13f26996e449b08b0cc99971ee3,
        type: 3}
      propertyPath: m_LocalRotation.x
      value: -0.4568029
      objectReference: {fileID: 0}
    - target: {fileID: 5317489063718851924, guid: ab9eb13f26996e449b08b0cc99971ee3,
        type: 3}
      propertyPath: m_LocalRotation.y
      value: -0
      objectReference: {fileID: 0}
    - target: {fileID: 5317489063718851924, guid: ab9eb13f26996e449b08b0cc99971ee3,
        type: 3}
      propertyPath: m_LocalRotation.z
      value: -0
      objectReference: {fileID: 0}
    - target: {fileID: 5317489063718851924, guid: ab9eb13f26996e449b08b0cc99971ee3,
        type: 3}
      propertyPath: m_LocalRotation.w
      value: 0.889568
      objectReference: {fileID: 0}
    - target: {fileID: 5317489063718851924, guid: ab9eb13f26996e449b08b0cc99971ee3,
        type: 3}
      propertyPath: m_RootOrder
      value: 1
      objectReference: {fileID: 0}
    - target: {fileID: 5317489063718851924, guid: ab9eb13f26996e449b08b0cc99971ee3,
        type: 3}
      propertyPath: m_LocalEulerAnglesHint.x
      value: -54.362003
      objectReference: {fileID: 0}
    - target: {fileID: 5317489063718851924, guid: ab9eb13f26996e449b08b0cc99971ee3,
        type: 3}
      propertyPath: m_LocalEulerAnglesHint.y
      value: 0
      objectReference: {fileID: 0}
    - target: {fileID: 5317489063718851924, guid: ab9eb13f26996e449b08b0cc99971ee3,
        type: 3}
      propertyPath: m_LocalEulerAnglesHint.z
      value: 0
      objectReference: {fileID: 0}
    - target: {fileID: 5317489063718851935, guid: ab9eb13f26996e449b08b0cc99971ee3,
        type: 3}
      propertyPath: m_Name
      value: Cube (1)
      objectReference: {fileID: 0}
    m_RemovedComponents: []
  m_SourcePrefab: {fileID: 100100000, guid: ab9eb13f26996e449b08b0cc99971ee3, type: 3}
--- !u!4 &1995656661125471204 stripped
Transform:
  m_CorrespondingSourceObject: {fileID: 5317489063718851924, guid: ab9eb13f26996e449b08b0cc99971ee3,
    type: 3}
  m_PrefabInstance: {fileID: 5943197940074548912}
  m_PrefabAsset: {fileID: 0}
--- !u!1001 &6678591241041921973
PrefabInstance:
  m_ObjectHideFlags: 0
  serializedVersion: 2
  m_Modification:
    m_TransformParent: {fileID: 4339752880869630363}
    m_Modifications:
    - target: {fileID: 5317489063718851924, guid: ab9eb13f26996e449b08b0cc99971ee3,
        type: 3}
      propertyPath: m_LocalPosition.x
      value: 2
      objectReference: {fileID: 0}
    - target: {fileID: 5317489063718851924, guid: ab9eb13f26996e449b08b0cc99971ee3,
        type: 3}
      propertyPath: m_LocalPosition.y
      value: 1.32
      objectReference: {fileID: 0}
    - target: {fileID: 5317489063718851924, guid: ab9eb13f26996e449b08b0cc99971ee3,
        type: 3}
      propertyPath: m_LocalPosition.z
      value: 0
      objectReference: {fileID: 0}
    - target: {fileID: 5317489063718851924, guid: ab9eb13f26996e449b08b0cc99971ee3,
        type: 3}
      propertyPath: m_LocalRotation.x
      value: -0.4568029
      objectReference: {fileID: 0}
    - target: {fileID: 5317489063718851924, guid: ab9eb13f26996e449b08b0cc99971ee3,
        type: 3}
      propertyPath: m_LocalRotation.y
      value: -0
      objectReference: {fileID: 0}
    - target: {fileID: 5317489063718851924, guid: ab9eb13f26996e449b08b0cc99971ee3,
        type: 3}
      propertyPath: m_LocalRotation.z
      value: -0
      objectReference: {fileID: 0}
    - target: {fileID: 5317489063718851924, guid: ab9eb13f26996e449b08b0cc99971ee3,
        type: 3}
      propertyPath: m_LocalRotation.w
      value: 0.889568
      objectReference: {fileID: 0}
    - target: {fileID: 5317489063718851924, guid: ab9eb13f26996e449b08b0cc99971ee3,
        type: 3}
      propertyPath: m_RootOrder
      value: 10
      objectReference: {fileID: 0}
    - target: {fileID: 5317489063718851924, guid: ab9eb13f26996e449b08b0cc99971ee3,
        type: 3}
      propertyPath: m_LocalEulerAnglesHint.x
      value: -54.362003
      objectReference: {fileID: 0}
    - target: {fileID: 5317489063718851924, guid: ab9eb13f26996e449b08b0cc99971ee3,
        type: 3}
      propertyPath: m_LocalEulerAnglesHint.y
      value: 0
      objectReference: {fileID: 0}
    - target: {fileID: 5317489063718851924, guid: ab9eb13f26996e449b08b0cc99971ee3,
        type: 3}
      propertyPath: m_LocalEulerAnglesHint.z
      value: 0
      objectReference: {fileID: 0}
    - target: {fileID: 5317489063718851935, guid: ab9eb13f26996e449b08b0cc99971ee3,
        type: 3}
      propertyPath: m_Name
      value: Cube (12)
      objectReference: {fileID: 0}
    m_RemovedComponents: []
  m_SourcePrefab: {fileID: 100100000, guid: ab9eb13f26996e449b08b0cc99971ee3, type: 3}
--- !u!4 &1541527912328090337 stripped
Transform:
  m_CorrespondingSourceObject: {fileID: 5317489063718851924, guid: ab9eb13f26996e449b08b0cc99971ee3,
    type: 3}
  m_PrefabInstance: {fileID: 6678591241041921973}
  m_PrefabAsset: {fileID: 0}
--- !u!1001 &7783051672137330822
PrefabInstance:
  m_ObjectHideFlags: 0
  serializedVersion: 2
  m_Modification:
    m_TransformParent: {fileID: 4339752880869630363}
    m_Modifications:
    - target: {fileID: 5317489063718851924, guid: ab9eb13f26996e449b08b0cc99971ee3,
        type: 3}
      propertyPath: m_LocalPosition.x
      value: 0.5
      objectReference: {fileID: 0}
    - target: {fileID: 5317489063718851924, guid: ab9eb13f26996e449b08b0cc99971ee3,
        type: 3}
      propertyPath: m_LocalPosition.y
      value: 2.3200002
      objectReference: {fileID: 0}
    - target: {fileID: 5317489063718851924, guid: ab9eb13f26996e449b08b0cc99971ee3,
        type: 3}
      propertyPath: m_LocalPosition.z
      value: 0.59
      objectReference: {fileID: 0}
    - target: {fileID: 5317489063718851924, guid: ab9eb13f26996e449b08b0cc99971ee3,
        type: 3}
      propertyPath: m_LocalRotation.x
      value: -0.4568029
      objectReference: {fileID: 0}
    - target: {fileID: 5317489063718851924, guid: ab9eb13f26996e449b08b0cc99971ee3,
        type: 3}
      propertyPath: m_LocalRotation.y
      value: -0
      objectReference: {fileID: 0}
    - target: {fileID: 5317489063718851924, guid: ab9eb13f26996e449b08b0cc99971ee3,
        type: 3}
      propertyPath: m_LocalRotation.z
      value: -0
      objectReference: {fileID: 0}
    - target: {fileID: 5317489063718851924, guid: ab9eb13f26996e449b08b0cc99971ee3,
        type: 3}
      propertyPath: m_LocalRotation.w
      value: 0.889568
      objectReference: {fileID: 0}
    - target: {fileID: 5317489063718851924, guid: ab9eb13f26996e449b08b0cc99971ee3,
        type: 3}
      propertyPath: m_RootOrder
      value: 14
      objectReference: {fileID: 0}
    - target: {fileID: 5317489063718851924, guid: ab9eb13f26996e449b08b0cc99971ee3,
        type: 3}
      propertyPath: m_LocalEulerAnglesHint.x
      value: -54.362003
      objectReference: {fileID: 0}
    - target: {fileID: 5317489063718851924, guid: ab9eb13f26996e449b08b0cc99971ee3,
        type: 3}
      propertyPath: m_LocalEulerAnglesHint.y
      value: 0
      objectReference: {fileID: 0}
    - target: {fileID: 5317489063718851924, guid: ab9eb13f26996e449b08b0cc99971ee3,
        type: 3}
      propertyPath: m_LocalEulerAnglesHint.z
      value: 0
      objectReference: {fileID: 0}
    - target: {fileID: 5317489063718851935, guid: ab9eb13f26996e449b08b0cc99971ee3,
        type: 3}
      propertyPath: m_Name
      value: Cube (16)
      objectReference: {fileID: 0}
    m_RemovedComponents: []
  m_SourcePrefab: {fileID: 100100000, guid: ab9eb13f26996e449b08b0cc99971ee3, type: 3}
--- !u!4 &2722831021194995154 stripped
Transform:
  m_CorrespondingSourceObject: {fileID: 5317489063718851924, guid: ab9eb13f26996e449b08b0cc99971ee3,
    type: 3}
  m_PrefabInstance: {fileID: 7783051672137330822}
  m_PrefabAsset: {fileID: 0}
--- !u!1001 &7868392205020975648
PrefabInstance:
  m_ObjectHideFlags: 0
  serializedVersion: 2
  m_Modification:
    m_TransformParent: {fileID: 4339752880869630363}
    m_Modifications:
    - target: {fileID: 5317489063718851924, guid: ab9eb13f26996e449b08b0cc99971ee3,
        type: 3}
      propertyPath: m_LocalPosition.x
      value: -1
      objectReference: {fileID: 0}
    - target: {fileID: 5317489063718851924, guid: ab9eb13f26996e449b08b0cc99971ee3,
        type: 3}
      propertyPath: m_LocalPosition.y
      value: 1.32
      objectReference: {fileID: 0}
    - target: {fileID: 5317489063718851924, guid: ab9eb13f26996e449b08b0cc99971ee3,
        type: 3}
      propertyPath: m_LocalPosition.z
      value: -1
      objectReference: {fileID: 0}
    - target: {fileID: 5317489063718851924, guid: ab9eb13f26996e449b08b0cc99971ee3,
        type: 3}
      propertyPath: m_LocalRotation.x
      value: -0.4568029
      objectReference: {fileID: 0}
    - target: {fileID: 5317489063718851924, guid: ab9eb13f26996e449b08b0cc99971ee3,
        type: 3}
      propertyPath: m_LocalRotation.y
      value: -0
      objectReference: {fileID: 0}
    - target: {fileID: 5317489063718851924, guid: ab9eb13f26996e449b08b0cc99971ee3,
        type: 3}
      propertyPath: m_LocalRotation.z
      value: -0
      objectReference: {fileID: 0}
    - target: {fileID: 5317489063718851924, guid: ab9eb13f26996e449b08b0cc99971ee3,
        type: 3}
      propertyPath: m_LocalRotation.w
      value: 0.889568
      objectReference: {fileID: 0}
    - target: {fileID: 5317489063718851924, guid: ab9eb13f26996e449b08b0cc99971ee3,
        type: 3}
      propertyPath: m_RootOrder
      value: 6
      objectReference: {fileID: 0}
    - target: {fileID: 5317489063718851924, guid: ab9eb13f26996e449b08b0cc99971ee3,
        type: 3}
      propertyPath: m_LocalEulerAnglesHint.x
      value: -54.362003
      objectReference: {fileID: 0}
    - target: {fileID: 5317489063718851924, guid: ab9eb13f26996e449b08b0cc99971ee3,
        type: 3}
      propertyPath: m_LocalEulerAnglesHint.y
      value: 0
      objectReference: {fileID: 0}
    - target: {fileID: 5317489063718851924, guid: ab9eb13f26996e449b08b0cc99971ee3,
        type: 3}
      propertyPath: m_LocalEulerAnglesHint.z
      value: 0
      objectReference: {fileID: 0}
    - target: {fileID: 5317489063718851935, guid: ab9eb13f26996e449b08b0cc99971ee3,
        type: 3}
      propertyPath: m_Name
      value: Cube (7)
      objectReference: {fileID: 0}
    m_RemovedComponents: []
  m_SourcePrefab: {fileID: 100100000, guid: ab9eb13f26996e449b08b0cc99971ee3, type: 3}
--- !u!4 &2664337834017998708 stripped
Transform:
  m_CorrespondingSourceObject: {fileID: 5317489063718851924, guid: ab9eb13f26996e449b08b0cc99971ee3,
    type: 3}
  m_PrefabInstance: {fileID: 7868392205020975648}
  m_PrefabAsset: {fileID: 0}
--- !u!1001 &8418133826080629600
PrefabInstance:
  m_ObjectHideFlags: 0
  serializedVersion: 2
  m_Modification:
    m_TransformParent: {fileID: 4339752880869630363}
    m_Modifications:
    - target: {fileID: 5317489063718851924, guid: ab9eb13f26996e449b08b0cc99971ee3,
        type: 3}
      propertyPath: m_LocalPosition.x
      value: -1
      objectReference: {fileID: 0}
    - target: {fileID: 5317489063718851924, guid: ab9eb13f26996e449b08b0cc99971ee3,
        type: 3}
      propertyPath: m_LocalPosition.y
      value: 1.32
      objectReference: {fileID: 0}
    - target: {fileID: 5317489063718851924, guid: ab9eb13f26996e449b08b0cc99971ee3,
        type: 3}
      propertyPath: m_LocalPosition.z
      value: -2
      objectReference: {fileID: 0}
    - target: {fileID: 5317489063718851924, guid: ab9eb13f26996e449b08b0cc99971ee3,
        type: 3}
      propertyPath: m_LocalRotation.x
      value: -0.4568029
      objectReference: {fileID: 0}
    - target: {fileID: 5317489063718851924, guid: ab9eb13f26996e449b08b0cc99971ee3,
        type: 3}
      propertyPath: m_LocalRotation.y
      value: -0
      objectReference: {fileID: 0}
    - target: {fileID: 5317489063718851924, guid: ab9eb13f26996e449b08b0cc99971ee3,
        type: 3}
      propertyPath: m_LocalRotation.z
      value: -0
      objectReference: {fileID: 0}
    - target: {fileID: 5317489063718851924, guid: ab9eb13f26996e449b08b0cc99971ee3,
        type: 3}
      propertyPath: m_LocalRotation.w
      value: 0.889568
      objectReference: {fileID: 0}
    - target: {fileID: 5317489063718851924, guid: ab9eb13f26996e449b08b0cc99971ee3,
        type: 3}
      propertyPath: m_RootOrder
      value: 8
      objectReference: {fileID: 0}
    - target: {fileID: 5317489063718851924, guid: ab9eb13f26996e449b08b0cc99971ee3,
        type: 3}
      propertyPath: m_LocalEulerAnglesHint.x
      value: -54.362003
      objectReference: {fileID: 0}
    - target: {fileID: 5317489063718851924, guid: ab9eb13f26996e449b08b0cc99971ee3,
        type: 3}
      propertyPath: m_LocalEulerAnglesHint.y
      value: 0
      objectReference: {fileID: 0}
    - target: {fileID: 5317489063718851924, guid: ab9eb13f26996e449b08b0cc99971ee3,
        type: 3}
      propertyPath: m_LocalEulerAnglesHint.z
      value: 0
      objectReference: {fileID: 0}
    - target: {fileID: 5317489063718851935, guid: ab9eb13f26996e449b08b0cc99971ee3,
        type: 3}
      propertyPath: m_Name
      value: Cube (10)
      objectReference: {fileID: 0}
    m_RemovedComponents: []
  m_SourcePrefab: {fileID: 100100000, guid: ab9eb13f26996e449b08b0cc99971ee3, type: 3}
--- !u!4 &4402475602792216116 stripped
Transform:
  m_CorrespondingSourceObject: {fileID: 5317489063718851924, guid: ab9eb13f26996e449b08b0cc99971ee3,
    type: 3}
  m_PrefabInstance: {fileID: 8418133826080629600}
  m_PrefabAsset: {fileID: 0}
--- !u!1001 &8498963618238604536
PrefabInstance:
  m_ObjectHideFlags: 0
  serializedVersion: 2
  m_Modification:
    m_TransformParent: {fileID: 4339752880869630363}
    m_Modifications:
    - target: {fileID: 5317489063718851924, guid: ab9eb13f26996e449b08b0cc99971ee3,
        type: 3}
      propertyPath: m_LocalPosition.x
      value: 0
      objectReference: {fileID: 0}
    - target: {fileID: 5317489063718851924, guid: ab9eb13f26996e449b08b0cc99971ee3,
        type: 3}
      propertyPath: m_LocalPosition.y
      value: 1.32
      objectReference: {fileID: 0}
    - target: {fileID: 5317489063718851924, guid: ab9eb13f26996e449b08b0cc99971ee3,
        type: 3}
      propertyPath: m_LocalPosition.z
      value: 0
      objectReference: {fileID: 0}
    - target: {fileID: 5317489063718851924, guid: ab9eb13f26996e449b08b0cc99971ee3,
        type: 3}
      propertyPath: m_LocalRotation.x
      value: -0.4568029
      objectReference: {fileID: 0}
    - target: {fileID: 5317489063718851924, guid: ab9eb13f26996e449b08b0cc99971ee3,
        type: 3}
      propertyPath: m_LocalRotation.y
      value: -0
      objectReference: {fileID: 0}
    - target: {fileID: 5317489063718851924, guid: ab9eb13f26996e449b08b0cc99971ee3,
        type: 3}
      propertyPath: m_LocalRotation.z
      value: -0
      objectReference: {fileID: 0}
    - target: {fileID: 5317489063718851924, guid: ab9eb13f26996e449b08b0cc99971ee3,
        type: 3}
      propertyPath: m_LocalRotation.w
      value: 0.889568
      objectReference: {fileID: 0}
    - target: {fileID: 5317489063718851924, guid: ab9eb13f26996e449b08b0cc99971ee3,
        type: 3}
      propertyPath: m_RootOrder
      value: 0
      objectReference: {fileID: 0}
    - target: {fileID: 5317489063718851924, guid: ab9eb13f26996e449b08b0cc99971ee3,
        type: 3}
      propertyPath: m_LocalEulerAnglesHint.x
      value: -54.362003
      objectReference: {fileID: 0}
    - target: {fileID: 5317489063718851924, guid: ab9eb13f26996e449b08b0cc99971ee3,
        type: 3}
      propertyPath: m_LocalEulerAnglesHint.y
      value: 0
      objectReference: {fileID: 0}
    - target: {fileID: 5317489063718851924, guid: ab9eb13f26996e449b08b0cc99971ee3,
        type: 3}
      propertyPath: m_LocalEulerAnglesHint.z
      value: 0
      objectReference: {fileID: 0}
    - target: {fileID: 5317489063718851935, guid: ab9eb13f26996e449b08b0cc99971ee3,
        type: 3}
      propertyPath: m_Name
      value: Cube
      objectReference: {fileID: 0}
    m_RemovedComponents: []
  m_SourcePrefab: {fileID: 100100000, guid: ab9eb13f26996e449b08b0cc99971ee3, type: 3}
--- !u!4 &4339752882592559532 stripped
Transform:
  m_CorrespondingSourceObject: {fileID: 5317489063718851924, guid: ab9eb13f26996e449b08b0cc99971ee3,
    type: 3}
  m_PrefabInstance: {fileID: 8498963618238604536}
  m_PrefabAsset: {fileID: 0}
--- !u!1001 &8624591279658693723
PrefabInstance:
  m_ObjectHideFlags: 0
  serializedVersion: 2
  m_Modification:
    m_TransformParent: {fileID: 4339752880869630363}
    m_Modifications:
    - target: {fileID: 5317489063718851924, guid: ab9eb13f26996e449b08b0cc99971ee3,
        type: 3}
      propertyPath: m_LocalPosition.x
      value: 1.5
      objectReference: {fileID: 0}
    - target: {fileID: 5317489063718851924, guid: ab9eb13f26996e449b08b0cc99971ee3,
        type: 3}
      propertyPath: m_LocalPosition.y
      value: 2.3200002
      objectReference: {fileID: 0}
    - target: {fileID: 5317489063718851924, guid: ab9eb13f26996e449b08b0cc99971ee3,
        type: 3}
      propertyPath: m_LocalPosition.z
      value: 0.59
      objectReference: {fileID: 0}
    - target: {fileID: 5317489063718851924, guid: ab9eb13f26996e449b08b0cc99971ee3,
        type: 3}
      propertyPath: m_LocalRotation.x
      value: -0.4568029
      objectReference: {fileID: 0}
    - target: {fileID: 5317489063718851924, guid: ab9eb13f26996e449b08b0cc99971ee3,
        type: 3}
      propertyPath: m_LocalRotation.y
      value: -0
      objectReference: {fileID: 0}
    - target: {fileID: 5317489063718851924, guid: ab9eb13f26996e449b08b0cc99971ee3,
        type: 3}
      propertyPath: m_LocalRotation.z
      value: -0
      objectReference: {fileID: 0}
    - target: {fileID: 5317489063718851924, guid: ab9eb13f26996e449b08b0cc99971ee3,
        type: 3}
      propertyPath: m_LocalRotation.w
      value: 0.889568
      objectReference: {fileID: 0}
    - target: {fileID: 5317489063718851924, guid: ab9eb13f26996e449b08b0cc99971ee3,
        type: 3}
      propertyPath: m_RootOrder
      value: 15
      objectReference: {fileID: 0}
    - target: {fileID: 5317489063718851924, guid: ab9eb13f26996e449b08b0cc99971ee3,
        type: 3}
      propertyPath: m_LocalEulerAnglesHint.x
      value: -54.362003
      objectReference: {fileID: 0}
    - target: {fileID: 5317489063718851924, guid: ab9eb13f26996e449b08b0cc99971ee3,
        type: 3}
      propertyPath: m_LocalEulerAnglesHint.y
      value: 0
      objectReference: {fileID: 0}
    - target: {fileID: 5317489063718851924, guid: ab9eb13f26996e449b08b0cc99971ee3,
        type: 3}
      propertyPath: m_LocalEulerAnglesHint.z
      value: 0
      objectReference: {fileID: 0}
    - target: {fileID: 5317489063718851935, guid: ab9eb13f26996e449b08b0cc99971ee3,
        type: 3}
      propertyPath: m_Name
      value: Cube (17)
      objectReference: {fileID: 0}
    m_RemovedComponents: []
  m_SourcePrefab: {fileID: 100100000, guid: ab9eb13f26996e449b08b0cc99971ee3, type: 3}
--- !u!4 &4502245251158663439 stripped
Transform:
  m_CorrespondingSourceObject: {fileID: 5317489063718851924, guid: ab9eb13f26996e449b08b0cc99971ee3,
    type: 3}
  m_PrefabInstance: {fileID: 8624591279658693723}
  m_PrefabAsset: {fileID: 0}
